
@article{ulrich_diseno_nodate,
	title = {Diseno y desarrollo de productos},
	pages = {434},
	author = {Ulrich, Karl T},
	langid = {spanish},
	file = {librerc3ada-disec3b1o-y-desarrollo-de-productos-5ed-karl-t-ulrich.pdf:C\:\\Users\\carlo\\Zotero\\storage\\7SKZ6B7A\\librerc3ada-disec3b1o-y-desarrollo-de-productos-5ed-karl-t-ulrich.pdf:application/pdf}
}