@book{_Universidad,
	title = {Universidad iberoamericana.},
	volume = {2008},
	note = {[Original String]:
Universidad iberoamericana. (s.f.). Biblioteca Francisco Javier Clavijero. Recuperado el 4 de Febrero de 2008, de ¿Cómo cito la información que encontré en internet?: http://redescolar.ilce.edu.mex/redescolar/biblioteca/articulos/pdf/refer_internet.pdf}
},

@article{_Tv_2015,
	title = {Tv Agro.},
	year = {2015},
	journal = {9 de Febrero de  Cmo cultivar Hortensias Hydrangeas La Ceja Antioquia Colombia},
	note = {[Original String]:
Tv Agro. (9 de Febrero de 2015). Cómo cultivar Hortensias Hydrangeas. La Ceja, Antioquia, Colombia.}
},

@book{Tamayo_Serie:_2005,
	title = {Serie: Aprender a investigar módulo  el proyecto de investigación. Bogotá: ICFES. Tecondor. . Tecondor. Obtenido de http://www.tecondor.com/   & Martínez, J. . Comportamiento del sector floricultor colombiano.},
	author = {Tamayo, MT and Tenjo, F and Montes, E},
	year = {2005},
	volume = {5},
	note = {[Original String]:
Tamayo, M. T. (1999). Serie: Aprender a investigar módulo 5: el proyecto de investigación. Bogotá: ICFES. Tecondor. (2019). Tecondor. Obtenido de http://www.tecondor.com/ Tenjo, F., Montes, E., & Martínez, J. (2005). Comportamiento del sector floricultor colombiano.}
},

@book{Restrepo_s.f)._2017,
	title = {s.f). Manual del Cultivo de Hortensias de Exportación Bajo Buenas Prácticas Agrícolas. Obtenido de http://cmcertifica.com/wp-content/uploads//05/MANUAL-DE-HORTENSIA.pdf semana.},
	author = {Restrepo, LM},
	year = {2017},
	note = {[Original String]:
Restrepo, L. M. (s.f). Manual del Cultivo de Hortensias de Exportación Bajo Buenas Prácticas Agrícolas. Obtenido de http://cmcertifica.com/wp-content/uploads/2017/05/MANUAL-DE-HORTENSIA.pdf semana. (03 de 08 de 2017). sostenibilidad semana. Obtenido de https://sostenibilidad.semana.com/medio-ambiente/articulo/mercado-de-las-flores-en-colombia-asi-esta-este-sector/38350 syngenta. (15 de 08 de 2017). Cambio climático y falta de mano de obra afectan la productividad de floricultores colombianos. Obtenido de syngenta: https://www.syngenta.com.co/news/noticias/cambio-climatico-y-falta-de-mano-de-obra-afectan-la-productividad-de-floricultores}
},

@article{_Ministerio_2020,
	title = {Ministerio de agricultura de Colombia.},
	year = {2020},
	journal = {Cadena de flores y follajes Bogot DC Obtenido de httpssiocminagriculturagovcoFloresDocumentos0022020Cifras20Sectoriales0022020Cifras20Sectoriales201720Diciembre20Florespptx},
	note = {[Original String]:
Ministerio de agricultura de Colombia. (2017). Cadena de flores y follajes. Bogotá D.C. Obtenido de https://sioc.minagricultura.gov.co/Flores/Documentos/002%20-%20Cifras%20Sectoriales/002%20-%20Cifras%20Sectoriales%20-%202017%20Diciembre%20Flores.pptx}
},

@book{Restrepo_Mejía_2017,
	title = {Mejía s.},
	author = {Restrepo, OS},
	year = {2017},
	note = {[Original String]:
Mejía Restrepo, O. S. (s.f). Manual del cultivo de hortensias de exportación bajo buenas prácticas agrícolas. Obtenido de cmcertifica: http://cmcertifica.com/wp-content/uploads/2017/05/MANUAL-DE-HORTENSIA.pdf}
},

@article{Zea_Manrique,
	title = {Manrique Ramírez, L. N., Zuleta  Agudelo  Burgos  Jerez  Mejía  . . . Palacio s.},
	author = {Zea, D and Ochoa, AF and Zuleta, SA and Cano, D and Tabares, JD and Trujillo, V},
	journal = {f FLORICULTURA COLOMBIANA EN CONTEXTO EXPERIENCIAS Y OPORTUNIDADES EN ASIA PACFICO REVISTA MUNDO ASIA PACFICO},
	pages = {64-67},
	note = {[Original String]:
Manrique Ramírez, L. N., Zuleta Zea, D., Agudelo Ochoa, A. F., Burgos Zuleta, S. A., Jerez Cano, D., Mejía Tabares, J. D., . . . Palacio Trujillo, V. (s.f). FLORICULTURA COLOMBIANA EN CONTEXTO: EXPERIENCIAS Y OPORTUNIDADES EN ASIA PACÍFICO. REVISTA MUNDO ASIA PACÍFICO, 64-67.}
},

@book{de Normas_Insituto_2017,
	title = {Insituto Colombiano cnicas y Certificación. . Citas y notas de pie de página NTC 147.},
	author = {de Normas, T and Restrepo, GA},
	year = {2017},
	note = {Insituto Colombiano de Normas Técnicas y Certificación. (2000). Citas y notas de pie de página NTC 147. Bogotá: ICONTEC. Instituto Colombiano de Normas Técnicas y Certificación. (2000). Documentación. Referencias bibliográficas para libros, folletos e informes. NTC 1160 segunda actualización. Bogotá: ICONTEC. Instituto Colombiano de Normas Técnicas y Certificación. (2000). Documentación. Referencias bibliográficas para publicaciones seriadas. NTC 1308 segunda actualización. Bogotá: ICOTEC. ipack. (2019). ipack. Obtenido de ipack: http://ipack.com.co/bercomex-procesamiento-de-flores/ Luz María Mejía Restrepo, G. A. (2017). Manual del cultivo de hortensias de exportación bajo buenas prácticas agrícolas. Medellín.}
},

@article{_ICA._2019,
	title = {ICA sisfito},
	year = {2019},
	note = {Obtenido de https://sisfito.ica.gov.co/reportes/reporte_inicio_I.php}
},

@article{Iafrancesco_La_2003,
	title = {La investigación es educación y pedagogía. Bogotá: Magisterio.},
	author = {Iafrancesco, G},
	year = {2003},
},

@article{Gonzalez_de_2019,
	title = {de enero de .},
	author = {Gonzalez, X},
	year = {2019},
	journal = {agronegocios Obtenido de agronegocios httpswwwagronegocioscoagriculturacultivodehortensiasunnegociocongranpotencialenelorienteantioqueno2821240},
	note = {Obtenido de agronegocios: https://www.agronegocios.co/agricultura/cultivo-de-hortensias-un-negocio-con-gran-potencial-en-el-oriente-antioqueno-2821240}
},

@article{Rubiano_Gómez,_2018,
	title = {Gómez, P. M.,  az, J., & mez, J. . Fortalecimiento de la Competitividad del Sector Floricultor Colombiano mediante el uso de Ciencia, Tecnología e Innovación aplicados en Cundinamarca.},
	author = {Rubiano, JL and Rangel, D and Montoya, G},
	year = {2018},
	journal = {Universidad de La Salle Obtenido de httpswwwlasalleeducoprogramasacademicosfacultadingenierianoticiasfiutpz004_Sj9CPykssy0xPLMnMz0vMAfIjo8zi3Q1djDxM_A38_F19jQ0cw7xdfC0DfQzMXAz0C7IdFQEO2lHAp0IZ7_G1D2H4O0NOEM30AVKDM9QL0MQ5CZ6_G1D2H4O0NOEM30AVKDM9QL06D0MECTXQCPunisallefa},
	note = {[Original String]:
Gómez, P. M., Rubiano, J. L., Rangel Díaz, J., & Montoya Gómez, J. (2018). Fortalecimiento de la Competitividad del Sector Floricultor Colombiano mediante el uso de Ciencia, Tecnología e Innovación aplicados en Cundinamarca. Universidad de La Salle. Obtenido de https://www.lasalle.edu.co/programas-academicos/facultad-ingenieria/noticias-fi/!ut/p/z0/04_Sj9CPykssy0xPLMnMz0vMAfIjo8zi3Q1djDxM_A38_F19jQ0cw7xdfC0DfQzMXAz0C7IdFQEO2lHA/p0/IZ7_G1D2H4O0NOEM30AVKDM9QL0MQ5=CZ6_G1D2H4O0NOEM30AVKDM9QL06D0=MECTX!QCPunisalle-fa}
},

@article{_FENALCO._2017,
	title = {FENALCO. . Boletín económico sectorial: Sector floricultor.},
	year = {2017},
	journal = {Medelln Obtenido de httpswwwfenalcoantioquiacompublicacionesboletinsectorial46},
	note = {[Original String]:
FENALCO. (2017). Boletín económico sectorial: Sector floricultor. Medellín. Obtenido de https://www.fenalcoantioquia.com/publicaciones/boletin-sectorial46}
},

@article{Cifuentes_Expression_2018,
	title = {Expression of a Novel Ciliary Protein, IIIG9, During the Differentiation and Maturation of Ependymal Cells.},
	author = {Cifuentes, M and Baeza, V and Arrabal, P M and Visser, R and Grondona, J M and Saldivia, N and Martínez, F and Nualart, F and Salazar, K},
	year = {2018},
	journal = {Molecular neurobiology},
	volume = {55},
	number = {2},
	abstract = {IIIG9 is the regulatory subunit 32 of protein phosphatase 1 (PPP1R32), a key phosphatase in the regulation of ciliary movement. IIIG9 localization is restricted to cilia in the trachea, fallopian tube, and testicle, suggesting its involvement in the polarization of ciliary epithelium. In the adult brain, IIIG9 mRNA has only been detected in ciliated ependymal cells that cover the ventricular walls. In this work, we prepared a polyclonal antibody against rat IIIG9 and used this antibody to show for the first time the ciliary localization of this protein in adult ependymal cells. We demonstrated IIIG9 localization at the apical border of the ventricular wall of 17-day-old embryonic (E17) and 1-day-old postnatal (PN1) brains and at the level of ependymal cilia at 10- and 20-day-old postnatal (PN10-20) using temporospatial distribution analysis and comparing the localization with a ciliary marker. Spectral confocal and super-resolution Structured Illumination Microscopy (SIM) analysis allowed us to demonstrate that IIIG9 shows a punctate pattern that is preferentially located at the borders of ependymal cilia in situ and in cultures of ependymocytes obtained from adult rat brains. Finally, by immunogold ultrastructural analysis, we showed that IIIG9 is preferentially located between the axoneme and the ciliary membrane. Taken together, our data allow us to conclude that IIIG9 is localized in the cilia of adult ependymal cells and that its expression is correlated with the process of ependymal differentiation and with the maturation of radial glia. Similarly, its particular localization within ependymal cilia suggests a role of this protein in the regulation of ciliary movement.},
	ISSN = {0893-7648},
	DOI = {10.1007/s12035-017-0434-5},
	pages = {1652-1664},
	url = {http://www.ncbi.nlm.nih.gov/sites/entrez?Db=pubmed&DbFrom=pubmed&Cmd=Link&LinkName=pubmed_pubmed&LinkReadableName=Related%20Articles&IdsFromResult=28194645&ordinalpos=3&itool=EntrezSystem2.PEntrez.Pubmed.Pubmed_ResultsPanel.Pubmed_RVDocSum},
	keywords = {Antibody, Choroid plexus, Cilia, Ependymal cells, IIIG9, PPP1R32, Phosphatase, Subcommissural organ, }
},

@book{_ASOCOLFLORES._2009,
	title = {ASOCOLFLORES. . Logrando una floricultura competitiva y sostenible, con responsabilidad social.},
	year = {2009},
	note = {[Original String]:
ASOCOLFLORES. (2009). Logrando una floricultura competitiva y sostenible, con responsabilidad social. Obtenido de http://docplayer.es/8330606-Florverde-logrando-una-floriculturacompetitiva-y-sostenible-con-responsabilidad-social.html}
},

@article{Giovanini_Agudelo_2005,
	title = {Agudelo Dueñas, R., Castellanos  & DE SISTEMA DE RIEGO PARA EL CULTIVO DE FLORES TIPO EXPORTACION.},
	author = {Giovanini, D and Medina, ATOMATIZACION and Cruz, M},
	year = {2005},
	journal = {Universidad Pontificia Javeriana Bogot Obtenido de httpsrepositoryjaverianaeducobitstreamhandle105547583tesis90pdfsequence1},
	note = {[Original String]:
Agudelo Dueñas, R., Castellanos Giovanini, D., & Medina Cruz, M. (2005). ATOMATIZACION DE SISTEMA DE RIEGO PARA EL CULTIVO DE FLORES TIPO EXPORTACION. Universidad Pontificia Javeriana, Bogotá. Obtenido de https://repository.javeriana.edu.co/bitstream/handle/10554/7583/tesis90.pdf?sequence=1}
},

@book{Tenjo_F.,_2006,
	title = {F.,  E., & Martínez T, J. . banrep. Obtenido de http://banrep.gov.co/docum/ftp/borra363.pdf},
	author = {Tenjo, G and Montes, U},
	year = {2006},
	note = {[Original String]:
Tenjo G, F., Montes U, E., & Martínez T, J. (2006). banrep. Obtenido de http://banrep.gov.co/docum/ftp/borra363.pdf}
}

